@incollection{putnam2000bowling,
  title={Bowling alone: Americaâ€™s declining social capital},
  author={Putnam, Robert D},
  booktitle={Culture and politics},
  pages={223--234},
  year={2000},
  publisher={Springer}
}


@online{NYT,
  author = {{New York Times Editorial Board}},
  title = {Hong Kong Crackdown Is an Early Test for Biden},
  year = 2021,
  url = {https://www.nytimes.com/2021/01/24/opinion/hong-kong-arrests.html},
  urldate = {2021-01-25}
}
