@incollection{putnam2000bowling,
  title={Bowling alone: Americaâ€™s declining social capital},
  author={Putnam, Robert D},
  booktitle={Culture and politics},
  pages={223--234},
  year={2000},
  publisher={Springer}
}

@book{blair2023research,
  title={Research design in the social sciences: declaration, diagnosis, and redesign},
  author={Blair, Graeme and Coppock, Alexander and Humphreys, Macartan},
  year={2023},
  publisher={Princeton University Press}
}

@online{NYT,
  author = {{New York Times Editorial Board}},
  title = {Hong Kong Crackdown Is an Early Test for Biden},
  year = 2021,
  url = {https://www.nytimes.com/2021/01/24/opinion/hong-kong-arrests.html},
  urldate = {2021-01-25}
}

@book{king2021designing,
  title={Designing social inquiry: Scientific inference in qualitative research},
  author={King, Gary and Keohane, Robert O and Verba, Sidney},
  year={2021},
  publisher={Princeton university press}
}

@book{lipson2018write,
  title={How to write a BA thesis: A practical guide from your first ideas to your finished paper},
  author={Lipson, Charles},
  year={2018},
  publisher={University of Chicago Press}
}

@book{van1997guide,
  title={Guide to methods for students of political science},
  author={Van Evera, Stephen},
  year={1997},
  publisher={Cornell University Press}
}


@book{strunk2007elements,
  title={The elements of style illustrated},
  author={Strunk Jr, William and White, Elwyn Brooks},
  year={2007},
  publisher={Penguin}
}